@inproceedings{ross2011reduction,
  title={A reduction of imitation learning and structured prediction to no-regret online learning},
  author={Ross, St{\'e}phane and Gordon, Geoffrey and Bagnell, Drew},
  booktitle={Proceedings of the fourteenth international conference on artificial intelligence and statistics},
  pages={627--635},
  year={2011}
}

@phdthesis{diaz2018interactive,
  title={Interactive and Uncertainty-aware Imitation Learning: Theory and Applications},
  author={Diaz Cabrera, Manfred Ramon},
  year={2018},
  school={Concordia University}
}

@article{loquercio2018dronet,
  title={Dronet: Learning to fly by driving},
  author={Loquercio, Antonio and Maqueda, Ana I and Del-Blanco, Carlos R and Scaramuzza, Davide},
  journal={IEEE Robotics and Automation Letters},
  volume={3},
  number={2},
  pages={1088--1095},
  year={2018},
  publisher={IEEE}
}

@inproceedings{prakash2020exploring,
  title={Exploring data aggregation in policy learning for vision-based urban autonomous driving},
  author={Prakash, Aditya and Behl, Aseem and Ohn-Bar, Eshed and Chitta, Kashyap and Geiger, Andreas},
  booktitle={Proceedings of the IEEE/CVF Conference on Computer Vision and Pattern Recognition},
  pages={11763--11773},
  year={2020}
}

@inproceedings{bicer2019sample,
  title={Sample efficient interactive end-to-end deep learning for self-driving cars with selective multi-class safe dataset aggregation},
  author={Bicer, Yunus and Alizadeh, Ali and Ure, Nazim Kemal and Erdogan, Ahmetcan and Kizilirmak, Orkun},
  booktitle={2019 IEEE/RSJ International Conference on Intelligent Robots and Systems (IROS)},
  pages={2629--2634},
  year={2019},
  organization={IEEE}
}

@unknown{cui2019uncertainty,
  author = {Cui, Yuchen and Isele, David and Niekum, Scott and Fujimura, Kikuo},
  year = {2019},
  month = {05},
  pages = {},
  title = {Uncertainty-Aware Data Aggregation for Deep Imitation Learning}
}

@INPROCEEDINGS{kamrani2020mariodagger,
  author={Kamrani, Farzad and Elers, Andreas and Cohen, Mika and Payberah, Amir H.},
  booktitle={2020 19th IEEE International Conference on Machine Learning and Applications (ICMLA)}, 
  title={MarioDAgger: A Time and Space Efficient Autonomous Driver}, 
  year={2020},
  volume={},
  number={},
  pages={1491-1498},
  doi={10.1109/ICMLA51294.2020.00230}
}

@unknown{elers2019continual,
  author = {Elers Andreas},
  year = {2019},
  pages = {54},
  title = {Continual imitation learning: Enhancing safe data set aggregation with elastic weight consolidation}
}

@article{hussein2017imitation,
author = {Hussein, Ahmed and Gaber, Mohamed and Elyan, Eyad and Jayne, Chrisina},
year = {2017},
month = {04},
pages = {},
title = {Imitation Learning: A Survey of Learning Methods},
volume = {50},
journal = {ACM Computing Surveys},
doi = {10.1145/3054912}
}

@article{DBLP:journals/corr/abs-1901-04772,
  author    = {Montaser Mohammedalamen and
               Waleed D. Khamies and
               Benjamin Rosman},
  title     = {Transfer Learning for Prosthetics Using Imitation Learning},
  journal   = {CoRR},
  volume    = {abs/1901.04772},
  year      = {2019},
  url       = {http://arxiv.org/abs/1901.04772},
  eprinttype = {arXiv},
  eprint    = {1901.04772},
  timestamp = {Fri, 01 Feb 2019 13:39:59 +0100},
  biburl    = {https://dblp.org/rec/journals/corr/abs-1901-04772.bib},
  bibsource = {dblp computer science bibliography, https://dblp.org}
}